@inproceedings{mapreduce,
 author = {Dean, Jeffrey and Ghemawat, Sanjay},
 title = {Map{R}educe: simplified data processing on large clusters},
 booktitle = {Proceedings of the 6th conference on Symposium on Opearting Systems Design \& Implementation - Volume 6},
 series = {OSDI'04},
 year = {2004},
 location = {San Francisco, CA},
 pages = {10--10},
 numpages = {1},
 url = {http://dl.acm.org/citation.cfm?id=1251254.1251264},
 acmid = {1251264},
 publisher = {USENIX Association},
 address = {Berkeley, CA, USA},
}

@inproceedings{dryad,
 author = {Isard, Michael and Budiu, Mihai and Yu, Yuan and Birrell, Andrew and Fetterly, Dennis},
 title = {Dryad: distributed data-parallel programs from sequential building blocks},
 booktitle = {Proceedings of the 2nd ACM SIGOPS/EuroSys European Conference on Computer Systems 2007},
 series = {EuroSys '07},
 year = {2007},
 isbn = {978-1-59593-636-3},
 location = {Lisbon, Portugal},
 pages = {59--72},
 numpages = {14},
 url = {http://doi.acm.org/10.1145/1272996.1273005},
 doi = {10.1145/1272996.1273005},
 acmid = {1273005},
 publisher = {ACM},
 address = {New York, NY, USA},
 keywords = {cluster computing, concurrency, dataflow, distributed programming},
}

@inproceedings{spark,
 author = {Zaharia, Matei and Chowdhury, Mosharaf and Das, Tathagata and Dave, Ankur and Ma, Justin and McCauley, Murphy and Franklin, Michael J. and Shenker, Scott and Stoica, Ion},
 title = {Resilient distributed datasets: a fault-tolerant abstraction for in-memory cluster computing},
 booktitle = {Proceedings of the 9th USENIX conference on Networked Systems Design and Implementation},
 series = {NSDI'12},
 year = {2012},
 location = {San Jose, CA},
 pages = {2--2},
 numpages = {1},
 url = {http://dl.acm.org/citation.cfm?id=2228298.2228301},
 acmid = {2228301},
 publisher = {USENIX Association},
 address = {Berkeley, CA, USA},
}

@inproceedings{Oktopus,
 author = {Ballani, Hitesh and Costa, Paolo and Karagiannis, Thomas and Rowstron, Ant},
 title = {Towards predictable datacenter networks},
 booktitle = {Proceedings of the ACM SIGCOMM 2011 conference},
 series = {SIGCOMM '11},
 year = {2011},
 isbn = {978-1-4503-0797-0},
 location = {Toronto, Ontario, Canada},
 pages = {242--253},
 numpages = {12},
 url = {http://doi.acm.org/10.1145/2018436.2018465},
 doi = {10.1145/2018436.2018465},
 acmid = {2018465},
 publisher = {ACM},
 address = {New York, NY, USA},
 keywords = {allocation, bandwidth, datacenter, virtual network},
}

@inproceedings{faircloud,
 author = {Popa, Lucian and Kumar, Gautam and Chowdhury, Mosharaf and Krishnamurthy, Arvind and Ratnasamy, Sylvia and Stoica, Ion},
 title = {FairCloud: sharing the network in cloud computing},
 booktitle = {Proceedings of the ACM SIGCOMM 2012 conference on Applications, technologies, architectures, and protocols for computer communication},
 series = {SIGCOMM '12},
 year = {2012},
 isbn = {978-1-4503-1419-0},
 location = {Helsinki, Finland},
 pages = {187--198},
 numpages = {12},
 url = {http://doi.acm.org/10.1145/2342356.2342396},
 doi = {10.1145/2342356.2342396},
 acmid = {2342396},
 publisher = {ACM},
 address = {New York, NY, USA},
 keywords = {cloud computing, network sharing},
}

@inproceedings{vl2,
 author = {Greenberg, Albert and Hamilton, James R. and Jain, Navendu and Kandula, Srikanth and Kim, Changhoon and Lahiri, Parantap and Maltz, David A. and Patel, Parveen and Sengupta, Sudipta},
 title = {VL2: a scalable and flexible data center network},
 booktitle = {Proceedings of the ACM SIGCOMM 2009 conference on Data communication},
 series = {SIGCOMM '09},
 year = {2009},
 isbn = {978-1-60558-594-9},
 location = {Barcelona, Spain},
 pages = {51--62},
 numpages = {12},
 url = {http://doi.acm.org/10.1145/1592568.1592576},
 doi = {10.1145/1592568.1592576},
 acmid = {1592576},
 publisher = {ACM},
 address = {New York, NY, USA},
 keywords = {commoditization, data center network},
}

@Misc{tcpdump,
  key =          "TCPDump",
  title =        "{TCPDUMP/LIBPCAP public repository}",
  note =         "\url{http://www.tcpdump.org/}",
}

@inproceedings{xtrace,
 author = {Fonseca, Rodrigo and Porter, George and Katz, Randy H. and Shenker, Scott and Stoica, Ion},
 title = {X-trace: a pervasive network tracing framework},
 booktitle = {Proceedings of the 4th USENIX conference on Networked systems design \&\#38; implementation},
 series = {NSDI'07},
 year = {2007},
 location = {Cambridge, MA},
 pages = {20--20},
 numpages = {1},
 url = {http://dl.acm.org/citation.cfm?id=1973430.1973450},
 acmid = {1973450},
 publisher = {USENIX Association},
 address = {Berkeley, CA, USA},
}

@Misc{ApacheHadoop,
  key = "Apache Hadoop",
  title = "{Apache Hadoop}",
  note = "\url{http://hadoop.apache.org/}",
}

@Misc{HadoopViz1,
  key = "Hadoop Visualization",
  title = "{Hadoop Visualization}",
  note = "\url{http://www.youtube.com/watch?v=5WudR7mAUHQ}",
}

@Misc{HadoopViz2,
  key = "Hadoop Visualization",
  title = "{Live Hadoop Visualization with Summary Stats}",
  note = "\url{http://www.youtube.com/watch?v=Uj5DolxL1Ak}",
}

@Misc{TCPExtendedStats,
  key = "TCP Extended Statistics MIB",
  title = "{TCP Extended Statistics MIB}",
  note = "\url{http://www.ietf.org/rfc/rfc4898.txt}",
}

@Misc{Web10G,
  key = "Web10G Taking TCP instrumentation to the Next Level",
  title = "{Web10G Taking TCP instrumentation to the Next Level}",
  note = "\url{http://web10g.org/}",
}

@Misc{tstat,
  key = "TCP STatistic and Analysis Tool",
  title = "{TCP STatistic and Analysis Tool}",
  note = "\url{http://tstat.tlc.polito.it/index.shtml}",
}

@Misc{tcptrace,
  key = "TCPTrace",
  title = "{TCPTrace}",
  note = "\url{http://www.tcptrace.org/}",
}


@Misc{d3.js,
  key = "d3.js",
  title = "{D3.js}",
  note = "\url{http://www.d3.org/}",
}

@Misc{jQuery,
  key = "jQuery",
  title = "{jQuery}",
  note = "\url{http://www.jquery.com/}",
}
@Misc{tipsy,
  key = "tipsy",
  title = "{Tipsy}",
  note = "\url{http://onehackoranother.com/projects/jquery/tipsy/}",
}

@Misc{HadoopVizCode,
  key = "GitHub BrownSys Hadoop Visualizer",
  title = "{GitHub BrownSys Hadoop Visualizer}",
  note = "\url{https://github.com/brownsys/hadoop-visualizer/}",
}

@Misc{HadoopVizExample,
  key = "Hadoop Visualizer Example",
  title = "{Hadoop Visualizer Example}",
  note = "\url{http://cs.brown.edu/~jeffra/hadoop-visualizer/}",
}

@inproceedings{XCP,
 author = {Katabi, Dina and Handley, Mark and Rohrs, Charlie},
 title = {Congestion control for high bandwidth-delay product networks},
 booktitle = {Proceedings of the 2002 conference on Applications, technologies, architectures, and protocols for computer communications},
 series = {SIGCOMM '02},
 year = {2002},
 isbn = {1-58113-570-X},
 location = {Pittsburgh, Pennsylvania, USA},
 pages = {89--102},
 numpages = {14},
 url = {http://doi.acm.org/10.1145/633025.633035},
 doi = {10.1145/633025.633035},
 acmid = {633035},
 publisher = {ACM},
 address = {New York, NY, USA},
 keywords = {congestion control, high-speed networks, large bandwidth-delay product},
}

@inproceedings{DCTCP,
 author = {Alizadeh, Mohammad and Greenberg, Albert and Maltz, David A. and Padhye, Jitendra and Patel, Parveen and Prabhakar, Balaji and Sengupta, Sudipta and Sridharan, Murari},
 title = {Data center TCP (DCTCP)},
 booktitle = {Proceedings of the ACM SIGCOMM 2010 conference},
 series = {SIGCOMM '10},
 year = {2010},
 isbn = {978-1-4503-0201-2},
 location = {New Delhi, India},
 pages = {63--74},
 numpages = {12},
 url = {http://doi.acm.org/10.1145/1851182.1851192},
 doi = {10.1145/1851182.1851192},
 acmid = {1851192},
 publisher = {ACM},
 address = {New York, NY, USA},
 keywords = {ECN, TCP, data center network},
}

@inproceedings{fattree,
 author = {Al-Fares, Mohammad and Loukissas, Alexander and Vahdat, Amin},
 title = {A scalable, commodity data center network architecture},
 booktitle = {Proceedings of the ACM SIGCOMM 2008 conference on Data communication},
 series = {SIGCOMM '08},
 year = {2008},
 isbn = {978-1-60558-175-0},
 location = {Seattle, WA, USA},
 pages = {63--74},
 numpages = {12},
 url = {http://doi.acm.org/10.1145/1402958.1402967},
 doi = {10.1145/1402958.1402967},
 acmid = {1402967},
 publisher = {ACM},
 address = {New York, NY, USA},
 keywords = {data center topology, equal-cost routing},
}

@inproceedings{D3,
 author = {Wilson, Christo and Ballani, Hitesh and Karagiannis, Thomas and Rowtron, Ant},
 title = {Better never than late: meeting deadlines in datacenter networks},
 booktitle = {Proceedings of the ACM SIGCOMM 2011 conference},
 series = {SIGCOMM '11},
 year = {2011},
 isbn = {978-1-4503-0797-0},
 location = {Toronto, Ontario, Canada},
 pages = {50--61},
 numpages = {12},
 url = {http://doi.acm.org/10.1145/2018436.2018443},
 doi = {10.1145/2018436.2018443},
 acmid = {2018443},
 publisher = {ACM},
 address = {New York, NY, USA},
 keywords = {datacenter, deadline, online services, rate control, sla},
}

@inproceedings{BarfordTCPCriticalPath,
 author = {Barford, Paul and Crovella, Mark},
 title = {Critical path analysis of TCP transactions},
 booktitle = {Proceedings of the conference on Applications, Technologies, Architectures, and Protocols for Computer Communication},
 series = {SIGCOMM '00},
 year = {2000},
 isbn = {1-58113-223-9},
 location = {Stockholm, Sweden},
 pages = {127--138},
 numpages = {12},
 url = {http://doi.acm.org/10.1145/347059.347416},
 doi = {10.1145/347059.347416},
 acmid = {347416},
 publisher = {ACM},
 address = {New York, NY, USA},
}

@inproceedings{MinlanSNAP,
 author = {Yu, Minlan and Greenberg, Albert and Maltz, Dave and Rexford, Jennifer and Yuan, Lihua and Kandula, Srikanth and Kim, Changhoon},
 title = {Profiling network performance for multi-tier data center applications},
 booktitle = {Proceedings of the 8th USENIX conference on Networked systems design and implementation},
 series = {NSDI'11},
 year = {2011},
 location = {Boston, MA},
 pages = {5--5},
 numpages = {1},
 url = {http://dl.acm.org/citation.cfm?id=1972457.1972464},
 acmid = {1972464},
 publisher = {USENIX Association},
 address = {Berkeley, CA, USA},
}

@inproceedings{PANE,
 author = {Ferguson, Andrew and Guha, Arjun and Liang, Chen and Fonseca, Rodrigo and Krishnamurthi, Shriram},
 title = {Participatory Networking: An API for Application Control in SDNs},
 booktitle = {Proceedings of the ACM SIGCOMM 2013 Conference},
 series = {SIGCOMM '13},
 year = {2013},
 location = {Hong Kong, China},
 publisher = {ACM},
 address = {New York, NY, USA},
}